<?xml version="1.0" encoding="UTF-8"?><collection xmlns="http://www.loc.gov/MARC21/slim"><record><leader>00468nam--2200169-i-4500</leader><controlfield tag="001">000031921</controlfield><controlfield tag="002">20161230</controlfield><controlfield tag="005">20161230201038</controlfield><controlfield tag="008">060222s1000------------r-----000-0-eng-d</controlfield><datafield ind1=" " ind2=" " tag="040"><subfield code="a">IFIN-HH</subfield></datafield><datafield ind1=" " ind2=" " tag="080"><subfield code="a">801=3=82=590</subfield></datafield><datafield ind1="1" ind2=" " tag="100"><subfield code="a">Sadetki, A</subfield></datafield><datafield ind1="1" ind2="0" tag="245"><subfield code="a">Mic dictionar rus-roman</subfield><subfield code="b">Karmanni russko-ruminskii slovari</subfield><subfield code="c">A. sadetki</subfield></datafield><datafield ind1=" " ind2=" " tag="260"><subfield code="a">Moscova</subfield><subfield code="b">Editura De Stat Pentru Dictionare</subfield><subfield code="c">1961</subfield></datafield><datafield ind1=" " ind2=" " tag="300"><subfield code="a">180P</subfield></datafield><datafield ind1=" " ind2=" " tag="852"><subfield code="a">D.642</subfield><subfield code="c">SLCH</subfield></datafield><datafield ind1=" " ind2=" " tag="CAT"><subfield code="a">Sys</subfield><subfield code="c">20130305</subfield><subfield code="h">155849</subfield></datafield></record></collection>